<?xml version="1.0" encoding="UTF-8"?><collection xmlns="http://www.loc.gov/MARC21/slim"><record><leader>00543nam--2200181-i-4500</leader><controlfield tag="001">000003409</controlfield><controlfield tag="002">20161230</controlfield><controlfield tag="005">20161230201025</controlfield><controlfield tag="008">060222s1000------------r-----000-0-ita-d</controlfield><datafield ind1=" " ind2=" " tag="040"><subfield code="a">IFIN-HH</subfield></datafield><datafield ind1=" " ind2=" " tag="041"><subfield code="a">ita</subfield></datafield><datafield ind1=" " ind2=" " tag="080"><subfield code="a">53(075.8)</subfield></datafield><datafield ind1="1" ind2="0" tag="100"><subfield code="a">Castelfranchi, Gaetano</subfield></datafield><datafield ind1="1" ind2="0" tag="245"><subfield code="a">Nuovo trattato di fisica classica e contemporanea volume primo: meccanica, acustica, calore</subfield><subfield code="c">Gaetano castelfranchi</subfield></datafield><datafield ind1=" " ind2=" " tag="260"><subfield code="a">Milano</subfield><subfield code="b">Editore Ulrico Hoepli</subfield><subfield code="c">1937</subfield></datafield><datafield ind1=" " ind2=" " tag="300"><subfield code="a">XVIII + ERRATA + 670 P</subfield></datafield><datafield ind1=" " ind2=" " tag="852"><subfield code="a">1370</subfield><subfield code="c">53</subfield></datafield><datafield ind1=" " ind2=" " tag="CAT"><subfield code="a">Sys</subfield><subfield code="c">20141211</subfield><subfield code="h">132816</subfield></datafield></record></collection>